@book{hoel1986,
  title={Introduction to stochastic processes},
  author={Hoel, Paul G and Port, Sidney C and Stone, Charles J},
  year={1986},
  publisher={Waveland Press}
}


@article{Metropolis1953,
author = {Metropolis,Nicholas  and Rosenbluth,Arianna W.  and Rosenbluth,Marshall N.  and Teller,Augusta H.  and Teller,Edward },
title = {Equation of State Calculations by Fast Computing Machines},
journal = {The Journal of Chemical Physics},
volume = {21},
number = {6},
pages = {1087-1092},
year = {1953},
doi = {10.1063/1.1699114},

URL = { 
        https://doi.org/10.1063/1.1699114
    
},
eprint = { 
        https://doi.org/10.1063/1.1699114
    
}

}